<record><leader>00000cas a22000007a 4500</leader><controlfield tag="001">14578650</controlfield><controlfield tag="008">861030d18451846lau x ne      0    0fre d</controlfield><datafield ind1=" " ind2=" " tag="010"><subfield code="a">sn 86053830 </subfield></datafield><datafield ind1=" " ind2=" " tag="040"><subfield code="a">NPX</subfield><subfield code="b">eng</subfield><subfield code="c">NPX</subfield><subfield code="d">LNP</subfield><subfield code="d">OCLCG</subfield><subfield code="d">OCLCQ</subfield><subfield code="d">OCLCA</subfield><subfield code="d">OCLCQ</subfield><subfield code="d">OCLCF</subfield></datafield><datafield ind1="1" ind2=" " tag="029"><subfield code="a">AU@</subfield><subfield code="b">000025795978</subfield></datafield><datafield ind1=" " ind2=" " tag="042"><subfield code="a">msc</subfield></datafield><datafield ind1="0" ind2=" " tag="130"><subfield code="a">Re&#769;publicain (New Orleans, La.)</subfield></datafield><datafield ind1="1" ind2="3" tag="245"><subfield code="a">Le re&#769;publicain.</subfield></datafield><datafield ind1=" " ind2=" " tag="260"><subfield code="a">Nouvelle-Orle&#769;ans [i.e. New Orleans, La.] :</subfield><subfield code="b">[publisher not identified]</subfield></datafield><datafield ind1=" " ind2=" " tag="300"><subfield code="a">volumes</subfield></datafield><datafield ind1=" " ind2=" " tag="310"><subfield code="a">Irregular</subfield></datafield><datafield ind1=" " ind2=" " tag="336"><subfield code="a">text</subfield><subfield code="b">txt</subfield><subfield code="2">rdacontent</subfield></datafield><datafield ind1=" " ind2=" " tag="337"><subfield code="a">unmediated</subfield><subfield code="b">n</subfield><subfield code="2">rdamedia</subfield></datafield><datafield ind1=" " ind2=" " tag="338"><subfield code="a">volume</subfield><subfield code="b">nc</subfield><subfield code="2">rdacarrier</subfield></datafield><datafield ind1="0" ind2=" " tag="362"><subfield code="a">[No. 1] (5 juil. 1845)-</subfield></datafield><datafield ind1="1" ind2=" " tag="362"><subfield code="a">Ceased in 1846.</subfield></datafield><datafield ind1=" " ind2=" " tag="500"><subfield code="a">Printer: Hippolyte Me&#769;ridier.</subfield></datafield><datafield ind1=" " ind2=" " tag="500"><subfield code="a">Campaign paper supporting Charles Derbigny for governor, and the American Party.</subfield></datafield><datafield ind1=" " ind2=" " tag="546"><subfield code="a">In French.</subfield></datafield><datafield ind1="1" ind2="0" tag="600"><subfield code="a">Derbigny, Charles Ze&#769;non,</subfield><subfield code="d">1793 or 1794-1875.</subfield></datafield><datafield ind1="1" ind2="7" tag="600"><subfield code="a">Derbigny, Charles Ze&#769;non,</subfield><subfield code="d">1793 or 1794-1875.</subfield><subfield code="2">fast</subfield><subfield code="0">(OCoLC)fst01815569</subfield></datafield><datafield ind1="2" ind2=" " tag="710"><subfield code="a">American Party (La.)</subfield></datafield><datafield ind1=" " ind2=" " tag="752"><subfield code="a">United States</subfield><subfield code="b">Louisiana</subfield><subfield code="c">Orleans</subfield><subfield code="d">New Orleans.</subfield></datafield></record>